<?xml version="1.0" encoding="UTF-8"?><collection xmlns="http://www.loc.gov/MARC21/slim"><record><leader>00386nam--2200133-i-4500</leader><controlfield tag="001">000007319</controlfield><controlfield tag="002">20161230</controlfield><controlfield tag="005">20161230201027</controlfield><controlfield tag="008">060222s1000------------r-----000-0-eng-d</controlfield><datafield ind1=" " ind2=" " tag="100"><subfield code="a">Brey Wallace S</subfield></datafield><datafield ind1=" " ind2=" " tag="245"><subfield code="a">Physical methods for determinimg molecular geometry</subfield></datafield><datafield ind1=" " ind2=" " tag="260"><subfield code="a">New Jork, Reinhold Publ. Corp., 1965 Ix + 117 P</subfield></datafield><datafield ind1=" " ind2=" " tag="490"><subfield code="a">Selected Topics In Modern Chemistry</subfield></datafield><datafield ind1=" " ind2=" " tag="852"><subfield code="a">22082</subfield></datafield></record></collection>